<record><leader>00000cas a22000007a 4500</leader><controlfield tag="001">20139843</controlfield><controlfield tag="008">890808d188u1uuunyuwr ne      0    0eng d</controlfield><datafield ind1=" " ind2=" " tag="010"><subfield code="a">sn 89071377 </subfield></datafield><datafield ind1=" " ind2=" " tag="040"><subfield code="a">NYG</subfield><subfield code="b">eng</subfield><subfield code="c">NYG</subfield><subfield code="d">NYS</subfield><subfield code="d">OCLCQ</subfield></datafield><datafield ind1=" " ind2=" " tag="042"><subfield code="a">msc</subfield></datafield><datafield ind1="0" ind2=" " tag="130"><subfield code="a">Niagara journal (Lockport, N.Y. : 1884)</subfield></datafield><datafield ind1="1" ind2="0" tag="245"><subfield code="a">Niagara journal.</subfield></datafield><datafield ind1="1" ind2="3" tag="246"><subfield code="a">Niagara weekly journal</subfield></datafield><datafield ind1=" " ind2=" " tag="260"><subfield code="a">Lockport, Niagara Co., N.Y. :</subfield><subfield code="b">Ward &amp; Cobb</subfield></datafield><datafield ind1=" " ind2=" " tag="300"><subfield code="a">v. :</subfield><subfield code="b">ill. ;</subfield><subfield code="c">64 cm.</subfield></datafield><datafield ind1=" " ind2=" " tag="310"><subfield code="a">Semiweekly,</subfield><subfield code="b">&lt;1890-1894&gt;</subfield></datafield><datafield ind1=" " ind2=" " tag="321"><subfield code="a">Weekly,</subfield><subfield code="b">&lt;1884-1886&gt;</subfield></datafield><datafield ind1=" " ind2=" " tag="588"><subfield code="a">Description based on: Vol. 34, no. 10 (May 28, 1884) = whole no. 1759.</subfield></datafield><datafield ind1=" " ind2="4" tag="651"><subfield code="a">Lockport (N.Y.)</subfield><subfield code="v">Newspapers.</subfield></datafield><datafield ind1=" " ind2="4" tag="651"><subfield code="a">Niagara County (N.Y.)</subfield><subfield code="v">Newspapers.</subfield></datafield><datafield ind1=" " ind2=" " tag="752"><subfield code="a">United States</subfield><subfield code="b">New York</subfield><subfield code="c">Niagara</subfield><subfield code="d">Lockport.</subfield></datafield><datafield ind1="0" ind2=" " tag="775"><subfield code="t">Lockport daily journal (Lockport, N.Y. : 1871)</subfield><subfield code="w">(DLC)sn 83031379</subfield></datafield><datafield ind1="0" ind2="0" tag="780"><subfield code="t">Niagara weekly journal</subfield><subfield code="w">(DLC)sn 83031410</subfield></datafield><datafield ind1="0" ind2="0" tag="785"><subfield code="t">Niagara County journal</subfield></datafield><datafield ind1="1" ind2=" " tag="029"><subfield code="a">AU@</subfield><subfield code="b">000025290879</subfield></datafield></record>